@ARTICLE{Myllykangas200815,
	author={Myllykangas, S. and Tikka, J. and B{\"o}hling, T. and Knuutila, S. and Hollm{\'e}n, J.},
	title={{Classification of human cancers based on {DNA} copy number amplification modeling}},
	journal={BMC Medical Genomics},
	year={2008},
	volume={1},
	pages={15},
}

@ARTICLE{Abdel-Rahman2008535,
	author={Abdel-Rahman, W.M.},
	title={{Genomic instability and carcinogenesis: An update}},
	journal={Current Genomics},
	year={2008},
	volume={9},
	number={8},
	pages={535-541},
	document_type={Review},
}

@CONFERENCE{Garriga2008292,
	author={Garriga, G. C. and Junttila, E. and Mannila, H.},
	title={{Banded structure in binary matrices}},
	journal={Proceedings of the {ACM SIGKDD} International Conference on Knowledge Discovery and Data Mining},
	year={2008},
	pages={292-300},
	document_type={Conference Paper},
}

@ARTICLE{Myllykangas2008817,
	author={Myllykangas, S. and Junnila, S. and Kokkola, A. and Autio, R. and Scheinin, I. and Kiviluoto, T. and Karjalainen-Lindsberg, M. L. and Hollm{\'e}n J. and Knuutila, S. and Puolakkainen, P. and Monni, O.},
	title={{Integrated gene copy number and expression microarray analysis of gastric cancer highlights potential target genes}},
	journal={International Journal of Cancer},
	year={2008},
	volume={123},
	number={4},
	pages={817-825},
	document_type={Article},
}

@ARTICLE{Lockwood20084615,
	author={Lockwood, W. W. and Chari, R. and Coe, B. P. and Girard, L. and MacAulay, C. and Lam, S. and Gazdar, A. F. and Minna, J. D. and Lam, W. L.},
	title={{{DNA} amplification is a ubiquitous mechanism of oncogene activation in lung and other cancers}},
	journal={Oncogene},
	year={2008},
	volume={27},
	number={33},
	pages={4615-4624},
	document_type={Article},
}

@ARTICLE{Baudis2007,
	author={Baudis, M.},
	title={{Genomic imbalances in 5918 malignant epithelial tumors: An explorative meta-analysis of chromosomal {CGH} data}},
	journal={BMC Cancer},
	year={2007},
	volume={7},
	art_number={226},
	document_type={Article},
}

@ARTICLE{Holl20071,
	author={Hollm{\'e}n, J. and Tikka, J.},
	title={{Compact and understandable descriptions of mixtures of bernoulli distributions}},
	journal={Lecture Notes in Computer Science including subseries Lecture Notes in Artificial Intelligence and Lecture Notes in Bioinformatics},
	year={2007},
	volume={4723 LNCS},
	pages={1-12},
	document_type={Conference Paper},
}

@CONFERENCE{Tikka2007972,
	author={Tikka, J. and Hollm{\'e}n, J. and Myllykangas, S.},
	title={{Mixture modeling of {DNA} copy number amplification patterns in cancer}},
	affiliation = {Helsinki University of Technology, Laboratory of Computer and, Information Science, P.O. Box 5400, FI-02015 TKK, Espoo Finland},
	booktitle = {Computational and Ambient Intelligence},
	series = {Lecture Notes in Computer Science},
	editor = {Sandoval, Francisco and Prieto, Alberto and Cabestany, Joan and Gra√±a, Manuel},
	publisher = {Springer Berlin / Heidelberg},
	isbn = {},
	pages = {972-979},
	volume = {4507},
	url = {http://dx.doi.org/10.1007/978-3-540-73007-1\_117},	
	year = {2007}
}

@ARTICLE{Marttinen2009,
	author={Marttinen, P. and  Myllykangas, S. and  Corander, J.},
	title={{Bayesian clustering and feature selection for cancer tissue samples}},
	journal={BMC Bioinformatics},
	year={2009},
	volume={10},
	art_number={90},
	document_type={Article},
}

@ARTICLE{Myllykangas20067324,
	author={Myllykangas, S. and Himberg, J. and B{\" o}hling, T. and Nagy, B. and Hollm{\'e}n, J. and Knuutila, S.},
	title={{{DNA} copy number amplification profiling of human neoplasms}},
	journal={Oncogene},
	year={2006},
	volume={25},
	number={55},
	pages={7324-7332},
	document_type={Article},
}

@ARTICLE{Shah2009i30,
	author={Shah, S. P. and Cheung, K.-J. and Johnson, N. A. and Alain, G. and Gascoyne, R. D. and Horsman, D. E. and Ng, R. T. and Murphy, K. P.},
	title={{Model-based clustering of array {CGH} data}},
	journal={Bioinformatics},
	year={2009},
	volume={25},
	number={12},
	pages={i30-i38},
	document_type={Conference Paper},
}

@ARTICLE{Hayes2009248,
	author={Hayes, M. and Li, J.},
	title={{A linear-time algorithm for analyzing array {CGH} data using log ratio triangulation}},
	journal={Lecture Notes in Computer Science (including subseries Lecture Notes in Artificial Intelligence and Lecture Notes in Bioinformatics)},
	year={2009},
	volume={5542},
	pages={248-259},
	document_type={Conference Paper},
}

@CONFERENCE{Geng2009,
	author={Geng, H. and Chan, W. C. and Ali, H. H.},
	title={{A computational method to predict {DNA} copy number alterations from gene expression data in tumor cases}},
	journal={Proceedings of the 42nd Annual Hawaii International Conference on System Sciences, HICSS},
	year={2009},
	art_number={4755579},
	document_type={Conference Paper},
}

@ARTICLE{Wang20091,
	author={Wang, H. and  Veldink, J. H. and  Blauw, H. and  Van Den Berg, L. H. and  Ophoff, R. A. and  Sabatti, C.},
	title={{Markov models for inferring copy number variations from genotype data on illumina platforms}},
	journal={Human Heredity},
	year={2009},
	volume={68},
	number={1},
	pages={1-22},
	document_type={Article},
}

@CONFERENCE{Pique-Regi2007I353,
	author={Pique-Regi, R. and  Tsau, E.-S. and  Ortega, A. and  Seeger, R. and  Asgharzadeh, S.},
	title={Wavelet footprints and sparse bayesian learning for {DNA} copy number change analysis},
	journal={{{ICASSP}, {IEEE} International Conference on Acoustics, Speech and Signal Processing - Proceedings}},
	year={2007},
	volume={1},
	pages={I353-I356},
	art_number={4217089},
	document_type={Conference Paper},
}

@ARTICLE{Lipson2006215,
	author={Lipson, D. and  Aumann, Y. and  Ben-Dor, A. and  Linial, N. and  Yakhini, Z.},
	title={Efficient calculation of interval scores for {DNA} copy number data analysis},
	journal={Journal of Computational Biology},
	year={2006},
	volume={13},
	number={2},
	pages={215-228},
	document_type={Conference Paper},
}

@ARTICLE{Greshock2007255,
	author={Greshock, J.},
	title={{{DNA} copy number data analysis using the {CGHA}nalyzer software suite}},
	journal={Methods in Molecular Biology},
	year={2007},
	volume={396},
	pages={255-266},
	document_type={Article},
}

@CONFERENCE{Lipson200583,
	author={Lipson, D. and  Aumann, Y. and  Ben-Dor, A. and  Linial, N. and  Yakhini, Z.},
	title={{Efficient calculation of interval scores for {DNA} copy number data analysis}},
	journal={Lecture Notes in Bioinformatics (Subseries of Lecture Notes in Computer Science)},
	year={2005},
	volume={3500},
	pages={83-100},
	document_type={Conference Paper},
}

@CONFERENCE{Chen200611,
	author={Chen, J. and  Wang, Y.-P.},
	title={{Detection of {DNA} copy number changes using statistical change point analysis}},
	journal={{2006 IEEE International Workshop on Genomic Signal Processing and Statistics, GENSIPS 2006}},
	year={2006},
	pages={11-12},
	art_number={4161752},
	document_type={Conference Paper},
}

@ARTICLE{Rancoita2009,
	author={Rancoita, P. M. V. and  Hutter, M. and  Bertoni, F. and  Kwee, I.},
	title={{Bayesian {DNA} copy number analysis}},
	journal = {{BMC Bioinformatics}},
	volume = {10},
	year = {2009},
	number = {1},
	pages = {10},
	url = {http://www.biomedcentral.com/1471-2105/10/10},
	doi = {10.1186/1471-2105-10-10},
	PubMedID = {19133123},
	ISSN = {1471-2105},
}


@ARTICLE{Andersson2008751,
	author={Andersson, R. and  Bruder, C. E. G. and  Piotrowski, A. and  Menzel, U. and  Nord, H. and  Sandgren, J. and  Hvidsten, T. R. and  de St{\aa}hl, T. D. and  Dumanski, J. P. and  Komorowski, J.},
	title={{A segmental maximum a posteriori approach to genome-wide copy number profiling}},
	journal={Bioinformatics},
	year={2008},
	volume={24},
	number={6},
	pages={751-758},
	document_type={Article},
}


@ARTICLE{Xie2009,
	author={Xie, C. and  Tammi, M. T.},
	title={{{CNV}-seq, a new method to detect copy number variation using high-throughput sequencing}},
	journal={BMC Bioinformatics},
	year={2009},
	volume={10},
	art_number={80},
	document_type={Article},
}


@ARTICLE{Shah2009343,
	author={Shah, S.P.},
	title={{Computational methods for identification of recurrent copy number alteration patterns by array {CGH}}},
	journal={Cytogenetic and Genome Research},
	year={2009},
	volume={123},
	number={1-4},
	pages={343-351},
	url={http://www.scopus.com/inward/record.url?eid=2-s2.0-62549158266&partnerID=40},
	document_type={Article},
	source={Scopus},
}

@ARTICLE{Rapaport2008i375,
	author={Rapaport, F. and  Barillot, E. and  Vert, J.-P.},
	title={{Classification of array{CGH} data using fused {SVM}}},
	journal={Bioinformatics},
	year={2008},
	volume={24},
	number={13},
	pages={i375-i382},
	document_type={Article},
}

@ARTICLE{Pique-Regi2008309,
	author={Pique-Regi, R. and Monso-Varona, J. and Ortega, A. and  Seeger, R.C. and Triche, T.J. and  Asgharzadeh, S.},
	title={{Sparse representation and Bayesian detection of genome copy number alterations from microarray data}},
	journal={Bioinformatics},
	year={2008},
	volume={24},
	number={3},
	pages={309-318},
	document_type={Article},
}

@book{holdout,
	author = {Ljung, L.},
	citeulike-article-id = {821121},
	day = {29},
	howpublished = {Hardcover},
	isbn = {0136566952},
	month = {December},
	posted-at = {2007-12-06 13:56:04},
	priority = {2},
	publisher = {{Prentice Hall PTR}},
	title = {{System Identification: Theory for the User (2nd Edition)}},
	year = {1998}
}

@ARTICLE{montecarlo,
	author={Xu, Q.S. and Liang, Y.Z. and Du, Y.P.},
	title={{Monte Carlo} cross-validation for selecting a model and estimating the prediction error in multivariate calibration},
	journal={Journal of Chemometrics},
	year={2004},
	volume={18},
	number={2},
	pages={112-120},	
	document_type={Article},
}

@misc{threeway,
	author = {Gutierrez-Osuna, R.},
	title = {{Lecture 13: Validation, Intelligent Sensor Systems, Wright State University}},
	note = {\texttt{http://research.cs.tamu.edu/prism/lectures.htm} : Last Accessed: 15 Nov 2010},
	year = {2009},
	howpublished={Website}  
}

@article{crossvalind,
	title = {{A Predictive Approach to the Random Effect Model}},
	author = {Geisser, S.},
	journal = {Biometrika},
	volume = {61},
	number = {1},
	jstor_formatteddate = {Apr., 1974},
	pages = {101--107},
	url = {http://www.jstor.org/stable/2334290},
	ISSN = {00063444},
	year = {1974},
	publisher = {Biometrika Trust},
	copyright = {Copyright ¬© 1974 Biometrika Trust},
}


@ARTICLE{monsteller,
	author={Monsteller, F. and Tukey, J. },
	title={{Data Analysis including statistics}},
	journal={In Lindzey G. and Aronson E., editors, Handbook of Social Psychology, Vol-2, Addison-Wesley},
	year={1968},
}

@Book{elements,
	author = {Hastie, T. and Friedman, J. and Tibshirani, R.},
	title = {{The Elements of Statistical Learning: Data Mining, Inference and Prediction}},
	publisher = {Springer-Verlag},
	year = {2003},
	address = {New York, LLC}
}

@book{witten,
	author = {Witten, I. H. and Frank, E.},
	citeulike-article-id = {340715},
	day = {22},
	edition = {Second},
	howpublished = {Paperback},
	isbn = {0120884070},
	keywords = {classification, machine-learning, ml},
	month = {June},
	posted-at = {2005-10-04 15:35:50},
	priority = {0},
	publisher = {Morgan Kaufmann},
	series = {Morgan Kaufmann Series in Data Management Systems},
	title = {{Data Mining: Practical Machine Learning Tools and Techniques}},
	url = {http://www.amazon.com/exec/obidos/redirect?tag=citeulike07-20\&path=ASIN/0120884070},
	year = {2005}
}

@PHDTHESIS{kayphdthesis,
	author={Gay, S. D.}, 
	title={{Datamining in proteomics: extracting knowledge from peptide mass fingerprinting spectra}}, 
	school={University of Geneva}, 
	address= {Geneva},
	year={2002}
 }

@book{bootstrap,
	address = {New York},
	author = {Efron, B. and Tibshirani, R. J.},
	publisher = {Chapman \& Hall},
	title = {An Introduction to the Bootstrap},
	year = {1993}
}

@inproceedings{distancemetrics,
	author = {Aggarwal, C. C. and Hinneburg, A. and Keim, D. A.},
	title = {{On the Surprising Behavior of Distance Metrics in High Dimensional Spaces}},
	booktitle = {ICDT '01: Proceedings of the 8th International Conference on Database Theory},
	year = {2001},
	isbn = {3-540-41456-8},
	pages = {420--434},
	publisher = {Springer-Verlag},
	address = {London, UK},
 }

@inproceedings{retail,
	author = {Brijs, T. and Swinnen, G. and Vanhoof, K. and Wets, G.},
	title = {{Using association rules for product assortment decisions: a case study}},
	booktitle = {{KDD '99: Proceedings of the fifth ACM SIGKDD international conference on Knowledge discovery and data mining}},
	year = {1999},
	isbn = {1-58113-143-7},
	pages = {254--260},
	location = {San Diego, California, United States},
	doi = {http://doi.acm.org/10.1145/312129.312241},
	publisher = {ACM},
	address = {New York, NY, USA},
 }

@article{randomization,
	author = {Gionis, A. and Mannila, H. and Mielik\"{a}inen, T. and Tsaparas, P.},
	title = {{Assessing data mining results via swap randomization}},
	journal = {{ACM Transactions on Knowledge Discovery from Data}},
	volume = {1},
	number = {3},
	year = {2007},
	issn = {1556-4681},
	pages = {14},
	doi = {http://doi.acm.org/10.1145/1297332.1297338},
	publisher = {ACM},
	address = {New York, NY, USA},
 }

@inproceedings{Lendasse03,
	author= 	{A. Lendasse and V. Wertz and M. Verleysen},
	project_id= 	{1},
	core_rank_id= 	{4},
	booktitle= 	{{{ICANN} 2003, Joint International Conference on Artificial Neural Networks, Istanbul (Turkey)}},
	doi= 	 	{10.1007/3-540-44989-2\_68},
	editor= 	{O. Kaynak and E. Alpaydin and E. Oja and L. Xu},
	month= 	 	{June 26-29},
	pages= 	 	{573--580},
	publisher= 	{Springer-Verlag},
	series= 	{Lecture Notes in Computer Science},
	title= 	 	{{Model Selection with Cross-Validations and Bootstraps - Application to Time Series Prediction with {RBFN} Models}},
	volume= 	{2714},
	year= 	 	{2003},
	url_pdf= 	{http://www.cis.hut.fi/projects/tsp/Publications/Publication149.pdf},
	url= 	 	{http://www.springerlink.com/content/34wyqcn4vx2j6ykt/},
}

@inproceedings{Kohavi95astudy,
	author = {Kohavi, R.},
	booktitle = {IJCAI},
	citeulike-article-id = {1536685},
	citeulike-linkout-0 = {http://citeseerx.ist.psu.edu/viewdoc/summary?doi=10.1.1.48.529},
	keywords = {bayesian, model, selection},
	pages = {1137--1145},
	posted-at = {2007-08-05 18:15:34},
	priority = {2},
	title = {{A Study of Cross-Validation and Bootstrap for Accuracy Estimation and Model Selection}},
	url = {http://citeseerx.ist.psu.edu/viewdoc/summary?doi=10.1.1.48.529},
	year = {1995}
}

@article{lateststudies,
	title = "{A {DNA} Replication Mechanism for Generating Nonrecurrent Rearrangements Associated with Genomic Disorders}",
	journal = "Cell",
	volume = "131",
	number = "7",
	pages = "1235 - 1247",
	year = "2007",
	issn = "0092-8674",
	doi = "DOI: 10.1016/j.cell.2007.11.037",
	url = "http://www.sciencedirect.com/science/article/B6WSN-4RFK5S0-C/2/8f438b15aa53bb6c6d046e23898d9095",
	author = "Lee, J. A. and Carvalho, C. M. B. and  Lupski, J. R.",
	keywords = "HUMDISEASE",
	keywords = "DNA"
}

@PHDTHESIS{mlforcr,
	author={Jong, C.}, 
	title={{Machine learning for human cancer research}}, 
	school={VU University}, 
	address= {Amsterdam},
	url = {http://hdl.handle.net/1871/9821},
	year={2006}
 }

@inproceedings{thatreviewarticle,
	author= {Vellido, A. and  Lisboa, P. J. G.},
	title = {{Neural Networks and Other Machine Learning Methods in Cancer Research}},
	booktitle = {{International Work-Conference on Artificial Neural Networks}},
	year  = {2007},
	pages = {964-971}  
}

@book{mitchell,
	author = {Mitchell, T. M.},
	title = {{Machine Learning}},
	publisher = {McGraw-Hill},
	address = {New York},
	keywords = {machine learning},
	year = {1997},
}

@misc{perl,
	author = {Wall, L.},
	title = {{Perl: {P}ractical {E}xtraction and {R}eport {L}anguage}},
	note = {\texttt{http://www.perl.org/} : Last Accessed: 15 Nov 2010},
	year = {1987},
	howpublished={Website}  
}


@misc{matlab,
	author = {Mathworks},
	title = {{Matlab: the language of technical computing}},
	note = {\texttt{http://www.mathworks.com/products/matlab} : Last Accessed: 15 Nov 2010},
	year = {1994},
	howpublished={Website}  
}

@misc{rlang,
	author = {Project, R.},
	title = {The {R} project for statistical computing},
	note = {\texttt{http://www.r-project.org} : Last Accessed: 15 Nov 2010},
	year = {1997},
	howpublished={Website}  
}

@manual{bmixdoc,
	author={Hollm{\'e}n, J.},
	title={{BernoulliMix}: Program package for finite mixture models of multivariate Bernoulli distributions},
	year={May 2009},
	note={\texttt{http://www.cis.hut.fi/jHollmen/BernoulliMix} : Last Accessed: 15 Nov 2010},
}

@book{shellscript,
	author = {Quigley, E. and Hawkins, S.},
	title = {{The Complete Linux Shell Programming Training Course (CD-ROM Boxed-Set)}},
	year = {2000},
	isbn = {0130406767},
	publisher = {Prentice Hall PTR},
	address = {Upper Saddle River, NJ, USA},
 }

@book{gruney,
	author = {Gurney, K.},
	title = {{An Introduction to Neural Networks}},
	year = {1997},
	isbn = {1857286731},
	publisher = {Taylor \& Francis Inc.},
	address = {Bristol, PA, USA},
 }

@book{hykin,
	address = {New York},
	author = {Haykin, S.},
	citeulike-article-id = {2429223},
	keywords = {neural\_nets},
	posted-at = {2008-02-26 12:33:02},
	priority = {2},
	publisher = {Macmillan},
	title = {{Neural Networks: A Comprehensive Foundation}},
	year = {1994}
}

@book{bishop,
	author = {Bishop, C. M.},
 	title = {{Pattern Recognition and Machine Learning (Information Science and Statistics)}},
	year = {2006},
	isbn = {0387310738},
	publisher = {Springer-Verlag New York, Inc.},
	address = {Secaucus, NJ, USA},
 }

@book{mclachlanfmm,
	address = {New York},
	author = {McLachlan, G. J. and Peel, D.},
	publisher = {Wiley},
	series = {{P}robability and {S}tatistics -- {A}pplied {P}robability and {S}tatistics {S}ection},
	title = {Finite mixture models},
	volume = 299,
	year = 2000,
	keywords = {finite mixture model sys:relevantFor:fausozc},  	  
}

@Book{everittmixdist,
	author = {Everitt, B. S. and Hand, D. J.},
	title = {{F}inite mixture distributions},
	isbn = {0412224208 },
	publisher = {Chapman and Hall, London; New York: },
	pages = {ix, 143 p.: },
	year = {1981},
	type = {Book},
	language = { English },
	subjects = { Mixture distributions (Probability theory) },
}

@TECHREPORT{pdeb,
	title = {Finite Mixture Models},
	author = {Deb, P.},
	year = {2008},
	institution = {Stata Users Group},
	type = {Summer North American Stata Users' Group Meetings 2008},
	url = {http://econpapers.repec.org/RePEc:boc:nsug08:7}
}

@ARTICLE{wolfe,
	author = {Wolfe, J. H.},
	title = {{P}attern clustering by multivariate mixture analysis},
	journal = {Multivariate Behavioral Research},
	year = {1970},
	volume = {5},
	pages = {329--350}
}

@article{expectmax,
	author = {Dempster, A. P.  and Laird, N. M. and Rubin, D. B.},
	journal = {{Journal Of The Royal Statistical Society, Series B}},
	number = 1,
	pages = {1--38},
	title = {{M}aximum likelihood from incomplete data via the {EM} algorithm},
	url = {http://web.mit.edu/6.435/www/Dempster77.pdf},
	volume = 39,
	year = 1977,
	keywords = {mixture models},
}


@article{cgh,
	Author = {Kallioniemi, A. and Kallioniemi, O. P. and Sudar, D. and Rutovitz, D. and  Gray, J. W. and Waldman, F. and Pinkel, D.},
	Title = {{Comparative genomic hybridization for molecular cytogenetic analysis of solid tumors}},
	Journal = {SCIENCE},
	Year = {{1992}},
	Volume = {{258}},
	Number = {{5083}},
	Pages = {{818-821}},
	Month = {{OCT 30}},
	Publisher = {AMER ASSOC ADVANCEMENT SCIENCE},
	Address = {1200 NEW YORK AVE, NW, WASHINGTON, DC 20005},
	Type = {{Article}},
	Language = {{English}},
	Affiliation = {KALLIONIEMI, A (Reprint Author), UNIV CALIF SAN FRANCISCO,DEPT LAB MED,DIV MOLEC CYTOMETRY,SAN FRANCISCO,CA 94143.
	   WESTERN GEN HOSP,MRC,HUMAN GENET UNIT,EDINBURGH EH4 2XU,MIDLOTHIAN,SCOTLAND.},
	ISSN = {{0036-8075}},
	Keywords-Plus = {BREAST-CANCER; AMPLIFICATION; PROGRESSION},
	Subject-Category = {{Multidisciplinary Sciences}},
	Journal-ISO = {{Science}},
	Doc-Delivery-Number = {{JV692}},
	Unique-ID = {{ISI:A1992JV69200044}},
}

@article{acgh,
	Author = {Pinkel, D. and Segraves, R. and Sudar, D. and Clark, S. and Poole, I. and Kowbel, D. and Collins, C. and  Kuo, W. L. and Chen, C. and Zhai, Y. and  Dairkee, S. H. and Ljung, B. M. and Gray, J. W. and Albertson, D. G.},
	Title = {{High resolution analysis of DNA copy number variation using comparative genomic hybridization to microarrays}},
	Journal = {{Nature Genetics}},
	Year = {{1998}},
	Volume = {{20}},
	Pages = {{ 207 - 211}},
}

@ARTICLE{abnormality,
	author={Zhang, F. and Khajavi, M. and Connolly, A. M. and Towne, C. F. and Batish, S. D. and Lupski, J. R.},
	title={The {DNA} replication {FoSTeS/MMBIR} mechanism can generate genomic, genic and exonic complex rearrangements in humans},
	journal={Nature Genetics},
	year={2009},
	volume={41},
	number={7},
	pages={849-853},
}

@article{nonidentifiable,
	author = {Gyllenberg, M. and Koski, T. and Reilink, E. and Verlann, M.},
	journal = {Journal of Applied Probability},
	number = {2},
	pages = {542--548},
	priority = {2},
	title = {{Non-Uniqueness in Probabilistic Numerical Identification of Bacteria}},
	volume = {31},
	year = {1994}
}

@INPROCEEDINGS{spectralmethod,
	author = {Vempala, S. and Wang, G.},
	title = {{A Spectral Algorithm for Learning Mixtures of Distributions}},
	booktitle = {Journal of Computer and System Sciences},
	year = {2002},
	pages = {113--123}
}

@article{furthernoni,
	author = {Carreira-Perpi\~{n}\'{a}n, M. and Renals, S.},
	title = {{Practical Identifiability of Finite Mixtures of Multivariate Bernoulli Distributions}},
	journal = {Neural Computation},
	volume = {12},
	number = {1},
	year = {2000},
	issn = {0899-7667},
	pages = {141--152},
	doi = {http://dx.doi.org/10.1162/089976600300015925},
	publisher = {MIT Press},
	address = {Cambridge, MA, USA},
 }

@article{mixmodelsreview,
	title = {{A review of semiparametric mixture models}},
	journal = {Journal of Statistical Planning and Inference},
	volume = {47},
	number = {1-2},
	pages = {29 - 39},
	year = {1995},
	issn = {0378-3758},
	doi = {DOI: 10.1016/0378-3758(94)00120-K},
	url = {http://www.sciencedirect.com/science/article/B6V0M-3YXBJ03-D/2/42030db34358cdc52c00ac03d2280496},
	author = {Lindsay, B. G. and Lesperance, M. L.}
}

@article{binaryimages,
	author = {Juan, A. and Vidal, E.},
	title = {{Bernoulli Mixture Models for Binary Images}},
	journal ={International Conference on Pattern Recognition},
	volume = {3},
	issn = {1051-4651},
	year = {2004},
	pages = {367-370},
	doi = {http://doi.ieeecomputersociety.org/10.1109/ICPR.2004.1334543},
	publisher = {IEEE Computer Society},
	address = {Los Alamitos, CA, USA},
}

@article{textclassification,
	title = {{On the use of Bernoulli mixture models for text classification}},
	journal = {Pattern Recognition},
	volume = {35},
	number = {12},
	pages = {2705 - 2710},
	year = {2002},
	issn = {0031-3203},
	doi = {DOI: 10.1016/S0031-3203(01)00242-4},
	url = {http://www.sciencedirect.com/science/article/B6V14-44X00PY-1/2/7ced267d54e042c4eb33f342727e681d},
	author = {Juan, A. and Vidal, E.},
	keywords = {Mixture models},
	keywords = {EM algorithm},
	keywords = {Data categorization},
	keywords = {Multivariate binary data},
	keywords = {Text classification},
	keywords = {Multivariate Bernoulli distribution}
}

@ARTICLE{wordcategorization,
	author={Gonz\'{a}lez, J., Juan, A., Dupont, P., Vidal, E., Casacuberta, F.},
	title={{A Bernoulli mixture model for word categorisation}},
	journal={Proc. of the {IX} Spanish Symposium on Pattern Recognition and Image Analysis},
	year={2001},
	volume={1},
	pages={165-170},
}

@inproceedings{textmining,
	author= {Saeed, M. and Babri, H.},
	title = {{Classifiers based on {B}ernoulli mixture models for text mining and handwriting recognition tasks}},
	booktitle = {IJCNN},
	year  = {2008},
	pages = {2169-2175},
	url= {http://dx.doi.org/10.1109/IJCNN.2008.4634097},  
}

@article{Puolamaki06pcbi,
	author = {Puolam\"aki, K. and Fortelius, M. and Mannila, H.},
	journal = {PLoS Computational Biology},
	number = {2},
	pages = {e6},
	title = {{Seriation in Paleontological Data Using {M}arkov Chain {M}onte {C}arlo Methods}},
	volume = {2},
	year = {2006},
}

@inproceedings{macadamia,
	author = {Raiko, T. and Puolam\"aki, K. and Karhunen, J. and Hollm\'en, J. and Honkela, A. and Mannila, H. and Oja, E. and Simula, E.},
	booktitle = {{Proceedings of Teaching Machine Learning Workshop on Open Problems and New Directions}},
	title = {{Macadamia: Master's Programme in Machine Learning and Data Mining}},
	year = {2008},
} 
 

@ARTICLE{pollackgenome,
	author={Pollack, J. R. and Perou, C. M. and Alizadeh, A. A. and Eisen, M. B. and Pergamenschikov, A. and Williams, C. F. and Jeffrey, S. S. and Botstein, D. and Brown, P. O.},
	title={{Genome-wide analysis of {DNA} copy-number changes using c{DNA} microarrays}},
	journal={Nature Genetics},
	year={1999},
	volume={23},
	number={1},
	pages={41-46},
	document_type={Article},
}

@ARTICLE{Despierre2010358,
	author={Despierre, E. and Lambrechts, D. and Neven, P. and Amant, F. and Lambrechts, S. and Vergote, I.},
	title={{The molecular genetic basis of ovarian cancer and its roadmap towards a better treatment}},
	journal={Gynecologic Oncology},
	year={2010},
	volume={117},
	number={2},
	pages={358-365},
	document_type={Review},
}

@ARTICLE{Dhaene2010262,
	author={D'haene, B. and Vandesompele, J. and Hellemans, J.},
	title={{Accurate and objective copy number profiling using real-time quantitative {PCR}}},
	journal={Methods},
	year={2010},
	volume={50},
	number={4},
	pages={262-270},
	document_type={Review}
}

@article{regularization,
	author= {Ormoneit, D. and Tresp, V.},
	title = {{Averaging, maximum penalized likelihood and {Bayesian} estimation for improving Gaussian mixture probability density estimates}},
	journal = {{IEEE} Transactions on Neural Networks},
	volume= {9},
	number= {4},
	year  = {1998},
	pages = {639-650},
	ee= {http://doi.ieeecomputersociety.org/10.1109/72.701177}, 
}

@article{componentdet,
	AUTHOR = "Zivkovic, Z. and van der Heijden, F.",
	TITLE = "{Recursive unsupervised learning of finite mixture models}",
	JOURNAL = "PAMI",
	VOLUME = "26",
	YEAR = "2004",
	NUMBER = "5",
	MONTH = "May",
	PAGES = "651-656",
}

@misc{ncbi,
	author = {National Center for Biotechnology Information},
	title = {{Human Genome Project}},
	month = {February},
	year =  {2010},
	howpublished={Website},
	note={\texttt{http://www.ncbi.nlm.nih.gov/ projects/mapview/} : Last Accessed: 15 Nov 2010}  
}

@INPROCEEDINGS{scaling,
	author = {Louis, C. W. P.},
	title = {{Flexible, Robust, And Efficient Human Speech Recognition}},
	booktitle = {{In Proceedings of The XIVth International Congress of Phonetic Sciences}},
	year = {1997},
	pages = {9--16}
}

@book{cancer,
  	author= {Bishop, J. F.},
	title = {{Cancer facts : a concise oncology text}},
	address = {Amsterdam, The Netherlands},
	publisher = {Harwood Academic Publishers},
	year  = {1999.},
}

@ARTICLE{oldage,
	author={Knuutila, S. and Aalto, Y. and Autio, K. and Bj\"orkqvist, A. and El-Rifai, W. and Hemmer, S. and Huhta, T. and Kettunen, E. and Kiuru-Kuhlefelt, S. and Larramendy, M.L. and 		Lushnikova, T and Monni, O. and Pere,H. and Tapper, J. and Tarkkanen, M. and Varis, A. and Wasenius, V. and Wolf, M. and Zhu, Y.},
	title={{{DNA} Copy Number Losses in Human Neoplasms}},
	journal={Gynecologic Oncology},
	year={1999},
	volume={155},
	number={2},
	pages={683-694},
	document_type={Review},
}

@techreport{dimensionreduction,
	author = {Fodor, I. K. },
	title = {{A survey of dimension reduction techniques}},
	institution = {U.S. Department of Energy},
	year = {2002},
	month = {June},
	owner = {sameni},
	timestamp = {2008.04.30},
	url = {https://e-reports-ext.llnl.gov/pdf/240921.pdf}
}

@Book{curse,
	author = {Powell, W.},
	title = {{Approximate Dynamic Programming: Solving the Curses of Dimensionality}},
	publisher = {Wiley},
	year = {2007},
}

@book{embook,
	author = {Mclachlan, G. J. and Krishnan, T.},
	day = {01},
	edition = {First},
	howpublished = {Hardcover},
	isbn = {0471123587},
	keywords = {em},
	month = {November},
	posted-at = {2009-03-30 23:26:31},
	priority = {2},
	publisher = {Wiley-Interscience},
	title = {{The EM Algorithm and Extensions}},
	url = {http://www.worldcat.org/isbn/0471123587},
	year = {1996}
}

@Book{iscn,
	author = {Shaffer, L. G. and Tommerup, N. },
	title = {{ISCN 2005: An International System for Human Cytogenetic Nomenclature(2005)} Recommendations of the International Standing Committee on Human Cytogenetic Nomenclature },
	publisher = {Karger},
	year = {2005},
}

@INPROCEEDINGS{mafia,
	author = {Burdick, D. and Calimlim, M. and Gehrke, J.},
	title = {{{MAFIA: A } Maximal Frequent Itemset Algorithm for Transactional Databases}},
	booktitle = {In ICDE},
	year = {2001},
	pages = {443--452}
}

@inproceedings{apriori,
	author = {Mannila, H. and Toivonen, H. and Verkamo, A. I. },
	title = {Efficient algorithms for discovering association rules},
	booktitle = {{AAAI} Workshop on Knowledge Discovery in Databases (KDD-94)},
	year = {1994},
	editor = {Usama M. Fayyad and Ramasamy Uthurusamy},
	pages = {181--192},
	address = {Seattle, Washington},
	publisher = {AAAI Press},
	category = {algorithm,sampling},  
}

@book{frobenius,
	author = {Stewart, G. W.},
	publisher = {Society for Industrial  Mathematics},
	title = {{Matrix Algorithms: Volume 1, Basic Decompositions}},
	year = 1998,
	isbn = {0898714141},	
}

Ôªø@article {svm,
	author = {Cortes, C. and Vapnik, V.},
	title = {{Support-vector networks}},
	journal = {Machine Learning},
	publisher = {Springer Netherlands},
	issn = {0885-6125},
	keyword = {Computer Science},
	pages = {273-297},
	volume = {20},
	issue = {3},
	url = {http://dx.doi.org/10.1007/BF00994018},
	year = {1995}
}

@book{svm1,
	author = {Vapnik, V. N.},
	day = {16},
	howpublished = {Hardcover},
	isbn = {0471030031},
	month = {September},
	publisher = {Wiley-Interscience},
	title = {Statistical Learning Theory},
	url = {http://www.worldcat.org/isbn/0471030031},
	year = {1998}
}

@Book{perceptron,
	author = {Rosenblatt, F.},
	title = {{Principles of neurodynamics; perceptrons and the theory of brain mechanisms}},
	publisher = {Spartan Books Washington},
	pages = {616 p.},
	year = {1962},
	type = {Book},
	language = {English},
	subjects = {Brain - Mathematical models.; Perceptrons.},
	life-dates = {1962 -  },
}

@article{elm,
	author = {Huang, G. and Zhu, Q. and Siew, C.},
	doi = {10.1016/j.neucom.2005.12.126},
	issn = {09252312},
	journal = {Neurocomputing},
	keywords = {extreme, learning, machine},
	month = {December},
	number = {1-3},
	pages = {489--501},
	posted-at = {2010-05-31 16:08:12},
	priority = {2},
	title = {{Extreme learning machine: Theory and applications}},
	url = {http://dx.doi.org/10.1016/j.neucom.2005.12.126},
	volume = {70},
	year = {2006}
}

@article{kmeans,
	author = {J. Macqueen.},
	title = {Some {M}ethods for {C}lassification and {A}nalysis of {M}ultivariate {O}bservations},
	journal = {In Proceedings of 5-th Berkeley Symposium on Mathematical Statistics and Probability, Berkeley},
	year = {1967},
	pages = {281--297}
}

@article{kmeans2,
	author = {S. Lloyd},
	journal = {{IEEE} {T}ransactions on {I}nformation {T}heory},
	number = {2},
	pages = {129-137},
	title = {Least {S}quares {Q}uantization in {PCM}},
	volume = {28},
	year = {1982}
}

@book{poission,
	author = {Poisson, S. D. },
	howpublished = {Hardcover},
	isbn = {0421205084},
	publisher = {Elibron Classics},
	title = {{Recherches sur la probabilit\'e des jugements en mati\'re criminelle et en mati\'re civile: Pr\'c\'d\'es des r\'gles g\'n\'rales du calcul des probabilit\'s}},
	year = {1837}
}

@inproceedings{agrawal,
	author = {Agrawal, R. and Imieli\'{n}ski, T. and Swami, A.},
	title = {{Mining association rules between sets of items in large databases}},
	booktitle = {SIGMOD '93: Proceedings of the 1993 ACM SIGMOD International Conference on Management of Data},
	year = {1993},
	isbn = {0-89791-592-5},
 	pages = {207--216},
	location = {Washington, D.C., United States},
	doi = {http://doi.acm.org/10.1145/170035.170072},
	publisher = {ACM},
	address = {New York, NY, USA},
 }

@inproceedings{redescription,
	author= {Gallo, A. and Miettinen, P. and Mannila, H.},
	title = {{Finding Subgroups having Several Descriptions: Algorithms for Redescription Mining}},
	booktitle = {SDM},
	year  = {2008},
	pages = {334-345},
	url = {http://www.siam.org/proceedings/datamining/2008/dm08_30_Miettinen.pdf},  
}

@article{cvinmicroarray,
	author = {Braga-Neto, U. M. and Dougherty, E. R.},
	day = {12},
	doi = {10.1093/bioinformatics/btg419},
	issn = {1367-4803},
	journal = {Bioinformatics},
	keywords = {bioinformatics, cross-validation},
	month = {February},
	number = {3},
	pages = {374--380},
	posted-at = {2007-03-30 15:08:04},
	priority = {2},
	title = {{Is cross-validation valid for small-sample microarray classification?}},
	url = {http://dx.doi.org/10.1093/bioinformatics/btg419},
	volume = {20},
	year = {2004}
}

@article{unreliable,
 	author = {Isaksson, A. and Wallman, M. and G\"{o}ransson, H. and Gustafsson, M. G.},
 	title = {Cross-validation and bootstrapping are unreliable in small sample classification},
 	journal = {Pattern Recognition Letters},
 	volume = {29},
 	number = {14},
 	year = {2008},
 	issn = {0167-8655},
 	pages = {1960--1965},
 	doi = {http://dx.doi.org/10.1016/j.patrec.2008.06.018},
 	publisher = {Elsevier Science Inc.},
 	address = {New York, NY, USA},
 }
 
 @Article{Aitkin1981,
	author = {M. Aitkin and D. Anderson and J. Hinde},
	title = {{Statistical Modelling of Data on Teaching Styles}},
	journal = {Journal of The Royal Statistical Society. Series A (General)},
	year = {1981},
	OPTkey = {},
	volume = {144},
	number = {4},
	OPTpages = {419--461},
	OPTmonth = {},
	OPTnote = {},
	OPTannote = {}
}

@article{mcmcintro,
	author= {Andrieu, C. and Freitas, N. and Doucet, A. and Jordan, M. I.},
	title = {{An Introduction to MCMC for Machine Learning}},
	journal= {Machine Learning},
	volume= {50},
	number= {1-2},
	year  = {2003},
	pages = {5-43},  
}

@article{spectralmethod1,
	author= {Kannan, R. and Salmasian, H. and Vempala, S.},
	title = {The Spectral Method for General Mixture Models},
 	journal = {SIAM J. Comput.},
 	volume = {38},
 	issue = {3},
 	month = {July},
 	year = {2008},
 	issn = {0097-5397},
 	pages = {1141--1156},
 	numpages = {16},
 	url = {http://portal.acm.org/citation.cfm?id=1405087.1405093},
 	doi = {10.1137/S0097539704445925},
 	acmid = {1405093},
 	publisher = {Society for Industrial and Applied Mathematics},
 	address = {Philadelphia, PA, USA},
 	keywords = {logconcave distributions, mixture models, principal component analysis, singular value decomposition}, 
}

@book{matrixcomputation,
	author = {Golub, G. H. and Van Loan, C. F. },
	publisher = {{The Johns Hopkins University Press}},
	title = {Matrix Computations (Johns Hopkins Studies in Mathematical Sciences)(3rd Edition)},
	day = {15},
	edition = {{3rd}},
	howpublished = {{Paperback}},
	isbn = {0801854148},
	keywords = {{compsci, cs, linearalgebra, math, mathematics, matrix}},
	month = {{October}},
	priority = {2},
	
	url = {{http://www.worldcat.org/isbn/0801854148}},
	year = {1996}
}


@article{svdgolub,
	author = {Golub, G. and Kahan, W.},
	title = {Calculating the Singular Values and Pseudo-Inverse of a Matrix},
	publisher = {SIAM},
	year = {1965},
	journal = {Journal of the Society for Industrial and Applied Mathematics, Series B: Numerical Analysis},
	volume = {2},
	number = {2},
	pages = {205-224},
	url = {http://link.aip.org/link/?SNA/2/205/1},
	doi = {10.1137/0702016}
}

@ARTICLE{occam,
	author={Boehner, P.},
	title={{Collected articles on Ockham}},
	journal={OFM, St Bonaventure},
	year={1958},
}

@article{humangenomeproject1,
	author = {Lander et.al., E. S.},
	day = {15},
	doi = {10.1038/35057062},
	issn = {0028-0836},
	journal = {Nature},
	keywords = {genome, mgr},
	month = {February},
	number = {6822},
	pages = {860--921},
	posted-at = {2010-04-02 16:35:59},
	priority = {2},
	publisher = {Nature Publishing Group},
	title = {{Initial sequencing and analysis of the human genome}},
	url = {http://dx.doi.org/10.1038/35057062},
	volume = {409},
	year = {2001}
}

@article{humangenomeproject,
	author = {Venter et. al., J. C. },
	booktitle = {Science},
	day = {16},
	doi = {10.1126/science.1058040},
	issn = {0036-8075},
	journal = {Science (New York, N.Y.)},
	month = {February},
	number = {5507},
	pages = {1304--1351},
	posted-at = {2010-10-05 11:03:21},
	priority = {2},
	title = {{The sequence of the human genome.}},
	url = {http://dx.doi.org/10.1126/science.1058040},
	volume = {291},
	year = {2001}
}

@inproceedings{premup,
	author = {Adhikari, P. R. and Hollm\'{e}n, J. },
	title = {Patterns from multiresolution 0-1 data},
	booktitle = {Proceedings of the ACM SIGKDD Workshop on Useful Patterns},
	series = {UP '10},
	year = {2010},
	isbn = {978-1-4503-0216-6},
	location = {Washington, DC},
	pages = {8--16},
	numpages = {9},
	url = {http://doi.acm.org/10.1145/1816112.1816115},
	doi = {http://doi.acm.org/10.1145/1816112.1816115},
 	acmid = {1816115},
 	publisher = {ACM},
	address = {New York, NY, USA},
	keywords = {binary data, downsampling, mixture models, multiple resolutions, upsampling},
}

Ôªø@incollection {premprib,
	author = {Adhikari, P. R. and Hollm\'{e}n, J.},
	affiliation = {Department of Information and Computer Science, Aalto University School of Science and Technology, P.O. Box 15400, FI-00076 Aalto, Espoo, Finland},
	title = {Preservation of Statistically Significant Patterns in Multiresolution 0-1 Data},
	booktitle = {Pattern Recognition in Bioinformatics},
	series = {Lecture Notes in Computer Science},
	editor = {Dijkstra, Tjeerd and Tsivtsivadze, Evgeni and Marchiori, Elena and Heskes, Tom},
	publisher = {Springer Berlin / Heidelberg},
	isbn = {},
	pages = {86-97},
	volume = {6282},
	url = {http://dx.doi.org/10.1007/978-3-642-16001-1\_8},	
	year = {2010}
}

@book{aberrations,
	author = {Kirsch, I. R.},
	day = {21},
	howpublished = {Hardcover},
	isbn = {0849388937},
	month = {December},
	publisher = {{CRC Press}},
	edition = {First},
	title = {{The Causes and Consequences of Chromosomal Aberrations}},
	year = {1992}
}

@article{bacdna,
	address = {Department of Pathology, VU University Medical Center, PO Box 7057, 1007 MB Amsterdam, The Netherlands. b.ylstra@vumc.nl},
	author = {Ylstra, B. and van den Ijssel, P. and Carvalho, B. and Brakenhoff, R. H. and Meijer, G. A.},
	doi = {10.1093/nar/gkj456},
	issn = {1362-4962},
	journal = {Nucleic acids research},
	keywords = {bac, cgh, micro\_array},
	number = {2},
	pages = {445--450},
	priority = {2},
	title = {{BAC to the future! or oligonucleotides: a perspective for micro array comparative genomic hybridization (array CGH).}},
	url = {http://dx.doi.org/10.1093/nar/gkj456},
	volume = {34},
	year = {2006}
}

@ARTICLE{oligo,
	author={ D. J. Lockhart and H. Dong and M. C. Byrne and M. T. Follettie and M. V. Gallo and M. S. Chee and M. Mittmann and C. Wang and  M. Kobayashi and H. Horton and E. L. Brown},
	title={{Expression monitoring by hybridization to high-density oligonucleotide arrays}},
	journal={Nature Biotechnology},
	year={1996},
	volume={14},
	number={13},
	pages={1675-1680},
	document_type={Article},
}

@ARTICLE{promoter,
	author={Y. Wang and J. Hayakawa and F. Long and Q. Yu and A. H. Cho and G. Rondeau  and J. Welsh and S. Mittal and I. De Belle and E. Adamson and M. McClelland and D. Mercola},
	title={"Promoter array" studies identify cohorts of genes directly regulated by methylation, copy number change, or transcription factor binding in human cancer cells.},
	journal={Annals of the New York Academy of Sciences},
	year={2005},
	volume={1058},
	pages={162-185},
	document_type={Review},
}

@article{nextgen,
	author = {Schuster, S. C.},
	day = {19},
	doi = {10.1038/nmeth1156},
	issn = {1548-7091},
	journal = {Nature Methods},
	keywords = {high\_throughput, sequencing},
	month = {December},
	number = {1},
	pages = {16--18},
	posted-at = {2010-07-16 06:37:48},
	priority = {2},
	publisher = {Nature Publishing Group},
	title = {{Next-generation sequencing transforms today's biology}},
	url = {http://dx.doi.org/10.1038/nmeth1156},
	volume = {5},
	year = {2007}
}

@article{nextgen1,
	address = {Departments of Genetics and Molecular Microbiology and Genome Sequencing Center, Washington University School of Medicine, St. Louis MO 63108; emardis@wustl.edu.},
	author = {Mardis, E. R.},
	day = {19},
	doi = {10.1146/annurev.genom.9.081307.164359},
	issn = {1527-8204},
	journal = {Annual review of genomics and human genetics},
	keywords = {dna, method, omics, sequence, sequencing},
	month = {June},
	number = {1},
	pages = {387--402},
	posted-at = {2009-09-16 18:08:29},
	priority = {2},
	title = {{Next-generation DNA sequencing methods.}},
	url = {http://dx.doi.org/10.1146/annurev.genom.9.081307.164359},
	volume = {9},
	year = {2008}
}

@ARTICLE{nextgen2,
	author={Stein, R. A.},
	title={Next-generation sequencing update},
	journal={Genetic Engineering and Biotechnology News},
	year={2008},
	volume={28},
	number={15},	
	document_type={Short Survey},
}

Ôªø@article {smyth02,
   author = {Smyth, Padhraic},
   title = {&lt;i&gt;Model selection for probabilistic clustering using cross-validated likelihood&lt;/i&gt;},
   journal = {Statistics and Computing},
   publisher = {Springer Netherlands},
   issn = {0960-3174},
   keyword = {Computer Science},
   pages = {63-72},
   volume = {10},
   issue = {1},
   url = {http://dx.doi.org/10.1023/A:1008940618127},
   note = {10.1023/A:1008940618127},
   year = {2000}
}

@Article{flexmix,
  author={Leisch, F.},
  title={{FlexMix: A General Framework for Finite Mixture Models and Latent Class Regression in R}},
  journal={Journal of Statistical Software},
  year={2003},
  volume={11},
  number={i08},  
  url={http://ideas.repec.org/a/jss/jstsof/11i08.html}
}

 @Article{mixtools,
    title = {{mixtools}: An {R} Package for Analyzing Finite Mixture Models},
    author = {Benaglia, T. and Chauveau, D. and Hunter, D. R. and Young, D.},
    journal = {Journal of Statistical Software},
    year = {2009},
    volume = {32},
    number = {6},
    pages = {1--29},
    url = {http://www.jstatsoft.org/v32/i06/},
  }

@article{progenetix,
    address = {University of Florida Shands Cancer Center and Division of Pediatric Hematology/ Oncology, University of Florida, Gainesville 32610-100296, USA. mbaudis@ufl.edu},
    author = {Baudis, M.},
    issn = {0736-6205},
    journal = {Biotechniques},
    keywords = {aberration, cancer, cgh, cytogenetics, database, human, karyotype, rearrangement},
    month = {March},
    number = {3},
    title = {{Online database and bioinformatics toolbox to support data mining in cancer cytogenetics.}},
    url = {http://view.ncbi.nlm.nih.gov/pubmed/16568815},
    volume = {40},
    year = {2006}
}

@misc{whofactsheet,
	author = {{World Health Organization}},
	title = {{Cancers: World Health Organization Factsheet No. 297}},
	month = {February},
	year =  {2009},
	howpublished={Website},
	note={\texttt{http://www.who.int/ mediacentre/factsheets/fs297/en/print.html}: Last Accessed: 15 Nov 2010}  
}

@misc{american,
	author = {{American Cancer Society, Inc.}},
	title = {{Cancer Facts \& Figures 2006 No. 500806}},
	year =  {2006},
	howpublished={Website},
	note={\texttt{http://www.cancer.org/ Research/ CancerFactsFigures/CancerFactsFigures/index} : Last Accessed: 15 Nov 2010}  
}

@misc{finnish,
	author = {{Cancer Society of Finland}},
	title = {{Cancer 2015}},
	year =  {2010},
	howpublished={Website},
	note={\texttt{http://www.cancer.fi/english/organisation/publications /cancer\_2015} : Last Accessed: 15 Nov 2010}  
}

@book{probability,
	title={{Introduction to Probability and its Applications}},
	author={Scheaffer, R.L. and Young, L.J.},
	isbn={0534386717},
	year={2009},
	publisher={Duxbury Pr}
}
